@misc{mit,
title = {{The Missing Semester of Your CS Education}},
note = {on-line at: \url{https://missing.csail.mit.edu/2020/debugging-profiling/}},
    author = {Athalye, A. Gjengset, J. and Ortiz, J. J. G.},
    year = {2020},
}

@book{lanaro2013python,
  title={Python high performance programming},
  author={Lanaro, Gabriele},
  year={2013},
  publisher={Packt Publishing Ltd},
  pages = {7--30}
}
@misc{cProfile,
title = {{The Python Profilers}},
note = {on-line at: \url{https://docs.python.org/2/library/profile.html}},
    author = {Python Software Foundation.},
    year = {1990-2020},
}

@misc{SnakeViz1,
title = {{SnakeViz vizualization tool}},
note = {on-line at: \url{https://jiffyclub.github.io/snakeviz/}},
author = {Matt Davis (jifficlub)},
year = {2012},
}

@misc{SnakeViz2,
title = {{SnakeViz 0.1 – A Python Profile Viewer}},
note = {on-line at: \url{https://penandpants.com/2012/09/21/snakeviz-0-1-a-python-profile-viewer/}},
author = {Pen and Pants},
year = {2012},
}

@misc{PySpy1,
title = {{PySpy vizualization tool}},
note = {on-line at: \url{https://github.com/benfred/py-spy}},
author = {Ben Frederickson (benfred)},
year = {2018},
}

@misc{PySpy2,
title = {{Py-Spy: A sampling profiler for Python programs}},
note = {on-line at: \url{https://docs.rs/crate/py-spy/0.1.4}},
author = {Ben Frederickson (benfred)},
year = {2018},
}

@misc{StatProf1,
title = {{Statistical Profiling}},
note = {on-line at: \url{https://processors.wiki.ti.com/index.php/Statistical_Profiling}},
author = {Texas Instruments},
year = {2018},
}

@misc{StatProf2,
title = {{Profiling Types}},
note = {on-line at: \url{https://www.jetbrains.com/help/profiler/Profiling_Guidelines__Choosing_the_Right_Profiling_Mode.html#}},
author = {JetBrains},
year = {2018},
}

@misc{VizList,
title = {{Python Profiling}},
note = {on-line at: \url{https://medium.com/@antoniomdk1/hpc-with-python-part-1-profiling-1dda4d172cdf?fbclid=IwAR3tcsUjhQ4femF9h5JK4GaZEM5ja02rupaOF88-V2csNjY7hHrL2eNAsdA}},
author = {Antonio Molner},
year = {2019},
}

@misc{Pycallgraph,
title = {{Python Call Graph}},
note = {on-line at: \url{https://pycallgraph.readthedocs.io/en/master/}},
author = {Gerald Kaszuba},
year = {2013},
}

@article{knuth,
author = {Knuth, Donald E.},
title = {Computer Programming as an Art},
year = {1974},
issue_date = {December 1974},
publisher = {Association for Computing Machinery},
address = {New York, NY, USA},
volume = {17},
number = {12},
issn = {0001-0782},
url = {https://doi.org/10.1145/361604.361612},
doi = {10.1145/361604.361612},
journal = {Commun. ACM},
month = dec,
pages = {667–673},
numpages = {7}
}

@misc{gprof,
title = {{gprof2dot}},
note = {on-line at: \url{https://github.com/jrfonseca/gprof2dot
}},
author = {José Fonseca},
year = {2019},
}
@misc{vprof,
title = {{vprof}},
note = {on-line at: \url{https://github.com/nvdv/vprof
}},
author = {Nick Volynets},
year = {2020},
}

@misc{deterministic,
title = {{How do Ruby \& Python profilers work?}},
note = {on-line at: \url{https://jvns.ca/blog/2017/12/17/how-do-ruby---python-profilers-work-/
}},
author = {Julia Evans},
year = {2020},
}

@inbook{profiling,
author = {Scargall, Steve},
year = {2020},
month = {01},
pages = {295-312},
title = {Profiling and Performance},
isbn = {978-1-4842-4931-4},
doi = {10.1007/978-1-4842-4932-1_15}
}

@article{fib,
author = {Scott, Tony and Marketos, Pan},
year = {2014},
month = {03},
pages = {1-46},
title = {On the Origin of the Fibonacci sequence}
}

@book{opt,
  title={Writing Efficient Programs (Prentice-Hall Software Series)},
  author={Jon Louis Bentley},
  year={1982},
  publisher={ Prentice Hall Ptr},
}

@book{vanderplas2016python,
  title={Python data science handbook: Essential tools for working with data},
  author={VanderPlas, Jake},
  year={2016},
  publisher={" O'Reilly Media, Inc."},
  chapter={1. IPython: Beyond Normal Python - Profiling and Timing Code}
}
